<?xml version="1.0" encoding="UTF-8"?><record xmlns="http://www.loc.gov/MARC21/slim" xmlns:cinclude="http://apache.org/cocoon/include/1.0" xmlns:zs="http://www.loc.gov/zing/srw/">
  <leader>01102cz  a2200169n  4500</leader>
  <controlfield tag="001">n  94110246 </controlfield>
  <controlfield tag="003">DLC</controlfield>
  <controlfield tag="005">20010329080450.0</controlfield>
  <controlfield tag="008">941115n| acannaab           |n aaa      </controlfield>
  <datafield tag="010" ind1=" " ind2=" ">
    <subfield code="a">n  94110246 </subfield>
    <subfield code="z">n  92007201 </subfield>
  </datafield>
  <datafield tag="040" ind1=" " ind2=" ">
    <subfield code="a">DLC</subfield>
    <subfield code="c">DLC</subfield>
    <subfield code="d">DLC</subfield>
  </datafield>
  <datafield tag="100" ind1="1" ind2=" ">
    <subfield code="a">Finkelstein, David,</subfield>
    <subfield code="d">1964-</subfield>
  </datafield>
  <datafield tag="670" ind1=" " ind2=" ">
    <subfield code="a">An index to Blackwood's magazine, 1901-1980, c1995:</subfield>
    <subfield code="b">CIP t.p. (David Finkelstein)</subfield>
  </datafield>
  <datafield tag="670" ind1=" " ind2=" ">
    <subfield code="a">Phone call to pub., 11-15-94</subfield>
    <subfield code="b">(David Finkelstein; b. 4/5/64)</subfield>
  </datafield>
  <datafield tag="670" ind1=" " ind2=" ">
    <subfield code="a">His Philip Meadows Taylor (1808-1876), c1990:</subfield>
    <subfield code="b">t.p. (David Finkelstein)</subfield>
  </datafield>
  <datafield tag="670" ind1=" " ind2=" ">
    <subfield code="a">Nineteenth-century media and the construction of identities, 2000:</subfield>
    <subfield code="b">CIP t.p. (David Finkelstein) pub. info. (co-director of the Scottish Centre for the Book, Napier Univ., Edinburgh; editor of SHARP news)</subfield>
  </datafield>
  <datafield tag="670" ind1=" " ind2=" ">
    <subfield code="a">Info. from AuAU, Mar. 29, 2001</subfield>
    <subfield code="b">(From Nineteenth-century media and the construction of identities, 2000: David Finkelstein of the Media and Communications Dept., Queen Margaret University College, Edinburgh, is the editor of SHARP news and the author of An index to Blackwood's magazine 1901-1980, and Philip Meadows Taylor (1818-1876))</subfield>
  </datafield>
</record>